@article{DBLP:journals/corr/SzegedyLJSRAEVR14,
  author    = {Christian Szegedy and
               Wei Liu and
               Yangqing Jia and
               Pierre Sermanet and
               Scott E. Reed and
               Dragomir Anguelov and
               Dumitru Erhan and
               Vincent Vanhoucke and
               Andrew Rabinovich},
  title     = {Going Deeper with Convolutions},
  journal   = {CoRR},
  volume    = {abs/1409.4842},
  year      = {2014},
  url       = {http://arxiv.org/abs/1409.4842},
  archivePrefix = {arXiv},
  eprint    = {1409.4842},
  timestamp = {Wed, 07 Jun 2017 14:40:42 +0200},
  biburl    = {https://dblp.org/rec/bib/journals/corr/SzegedyLJSRAEVR14},
  bibsource = {dblp computer science bibliography, https://dblp.org}
}

@incollection{NIPS2012_4824,
title = {ImageNet Classification with Deep Convolutional Neural Networks},
author = {Alex Krizhevsky and Sutskever, Ilya and Hinton, Geoffrey E},
booktitle = {Advances in Neural Information Processing Systems 25},
editor = {F. Pereira and C. J. C. Burges and L. Bottou and K. Q. Weinberger},
pages = {1097--1105},
year = {2012},
publisher = {Curran Associates, Inc.},
url = {http://papers.nips.cc/paper/4824-imagenet-classification-with-deep-convolutional-neural-networks.pdf}
}

@article {lecun-98,
original =    "orig/lecun-98.ps.gz",
author = 	"LeCun, Y. and Bottou, L. and Bengio, Y. and Haffner, P.",
title = 	"Gradient-Based Learning Applied to Document Recognition",
journal =	"Proceedings of the IEEE",
month =         "November",
volume =        "86",
number =        "11",
pages =         "2278-2324",
year =		1998
}

@book{geron,
  added-at = {2018-04-06T05:58:31.000+0200},
  address = {Sebastopol, CA},
  author = {Géron, Aurélien},
  biburl = {https://www.bibsonomy.org/bibtex/2a91270a3a516f4edaa5d459c40317fcc/achakraborty},
  interhash = {e2bd4a803c6cba6cca1d926b393806ad},
  intrahash = {a91270a3a516f4edaa5d459c40317fcc},
  isbn = {978-1491962299},
  keywords = {2017 book machine-learning oreilly tensorflow textbook},
  publisher = {O'Reilly Media},
  timestamp = {2018-04-06T05:59:31.000+0200},
  title = {Hands-on machine learning with Scikit-Learn and TensorFlow : concepts, tools, and techniques to build intelligent systems},
  year = 2017
}
